<?xml version="1.0" encoding="UTF-8"?><collection xmlns="http://www.loc.gov/MARC21/slim"><record><leader>00417nam--2200133-i-4500</leader><controlfield tag="001">000047870</controlfield><controlfield tag="002">20161230</controlfield><controlfield tag="005">20161230201046</controlfield><controlfield tag="008">060222s1000------------r-----000-0-eng-d</controlfield><datafield ind1=" " ind2=" " tag="080"><subfield code="a">539.211</subfield></datafield><datafield ind1=" " ind2=" " tag="100"><subfield code="a">Wolf,K.L</subfield></datafield><datafield ind1=" " ind2=" " tag="245"><subfield code="a">Physik und chemie der grenzflachen. erster band. die phanomene im allgsemeinen. zweiter bd.die phanomene im besonderen</subfield></datafield><datafield ind1=" " ind2=" " tag="260"><subfield code="a">Berlin, Springer Verlag, 1957. 262 P.+105 Fig</subfield></datafield><datafield ind1=" " ind2=" " tag="852"><subfield code="a">12401</subfield></datafield></record></collection>